fiscalDateEnding,operatingCashflow,capitalExpenditures,grossProfit,totalRevenue,costOfRevenue,operatingExpenses,netIncome,StockValue
2013-03-31,-12250000.0,12203000.0,287009000.0,1023961000.0,736952000.0,445297000.0,2689000.0,187.11
2013-04-30,3147666.67,10831333.33,294238666.67,1039098000.0,744859333.33,431274000.0,11616333.33,200.42
2013-05-31,18545333.33,9459666.67,301468333.33,1054235000.0,752766666.67,417251000.0,20543666.67,213.74
2013-06-30,33943000.0,8088000.0,308698000.0,1069372000.0,760674000.0,403228000.0,29471000.0,227.05
2013-07-31,34193000.0,9001333.33,308165000.0,1081581000.0,773416000.0,404501000.0,30254666.67,247.18
2013-08-31,34443000.0,9914666.67,307632000.0,1093790000.0,786158000.0,405774000.0,31038333.33,267.3
2013-09-30,34693000.0,10828000.0,307099000.0,1105999000.0,798900000.0,407047000.0,31822000.0,287.43
2013-10-31,36943666.67,14921666.67,322917000.0,1129076000.0,806159000.0,561591000.0,37355000.0,313.25
2013-11-30,39194333.33,19015333.33,338735000.0,1152153000.0,813418000.0,716135000.0,42888000.0,339.06
2013-12-31,41445000.0,23109000.0,354553000.0,1175230000.0,820677000.0,870679000.0,48421000.0,364.88
2014-01-31,39749666.67,19850666.67,370003000.0,1206849666.67,836846666.67,740309333.33,49985666.67,390.32
2014-02-28,38054333.33,16592333.33,385453000.0,1238469333.33,853016333.33,609939666.67,51550333.33,415.75
2014-03-31,36359000.0,13334000.0,400903000.0,1270089000.0,869186000.0,479570000.0,53115000.0,441.19
2014-04-30,42914000.0,15512333.33,409121666.67,1293528333.33,884406666.67,476765000.0,59082666.67,433.95
2014-05-31,49469000.0,17690666.67,417340333.33,1316967666.67,899627333.33,473960000.0,65050333.33,426.72
2014-06-30,56024000.0,19869000.0,425559000.0,1340407000.0,914848000.0,471155000.0,71018000.0,419.48
2014-07-31,24869666.67,20256666.67,435385333.33,1363415333.33,928030000.0,495306000.0,67110333.33,439.15
2014-08-31,-6284666.67,20644333.33,445211666.67,1386423666.67,941212000.0,519457000.0,63202666.67,458.83
2014-09-30,-37439000.0,21032000.0,455038000.0,1409432000.0,954394000.0,543608000.0,59295000.0,478.5
2014-10-31,-37779666.67,19185000.0,460157333.33,1434530666.67,974373333.33,742448333.33,67320333.33,434.0
2014-11-30,-38120333.33,17338000.0,465276666.67,1459629333.33,994352666.67,941288666.67,75345666.67,389.5
2014-12-31,-38461000.0,15491000.0,470396000.0,1484728000.0,1014332000.0,1140129000.0,83371000.0,345.0
2015-01-31,-68101333.33,14672666.67,489173333.33,1514195000.0,1025021666.67,981375000.0,63479333.33,388.0
2015-02-28,-97741666.67,13854333.33,507950666.67,1543662000.0,1035711333.33,822621000.0,43587666.67,431.0
2015-03-31,-127382000.0,13036000.0,526728000.0,1573129000.0,1046401000.0,663867000.0,23696000.0,474.0
2015-04-30,-145369000.0,17870000.0,525466000.0,1596984000.0,1071518000.0,675602666.67,24575666.67,523.29
2015-05-31,-163356000.0,22704000.0,524204000.0,1620839000.0,1096635000.0,687338333.33,25455333.33,572.57
2015-06-30,-181343000.0,27538000.0,522942000.0,1644694000.0,1121752000.0,699074000.0,26335000.0,621.86
2015-07-31,-186218333.33,30965333.33,536760333.33,1675914333.33,1139154000.0,723852666.67,27367333.33,451.03
2015-08-31,-191093666.67,34392666.67,550578666.67,1707134666.67,1156556000.0,748631333.33,28399666.67,280.19
2015-09-30,-195969000.0,37820000.0,564397000.0,1738355000.0,1173958000.0,773410000.0,29432000.0,109.36
2015-10-31,-212227666.67,29498000.0,567587333.33,1766681000.0,1199093666.67,1021698333.33,34014000.0,114.4
2015-11-30,-228486333.33,21176000.0,570777666.67,1795007000.0,1224229333.33,1269986666.67,38596000.0,119.43
2015-12-31,-244745000.0,12854000.0,573968000.0,1823333000.0,1249365000.0,1518275000.0,43178000.0,124.47
2016-01-31,-239360000.0,11377666.67,578710666.67,1868134000.0,1305770333.33,1302008666.67,38004666.67,114.51
2016-02-29,-233975000.0,9901333.33,583453333.33,1912935000.0,1362175666.67,1085742333.33,32831333.33,104.54
2016-03-31,-228590000.0,8425000.0,588196000.0,1957736000.0,1418581000.0,869476000.0,27658000.0,94.58
2016-04-30,-227824333.33,9221333.33,602832666.67,2006892000.0,1454186333.33,882131666.67,32023666.67,96.89
2016-05-31,-227058666.67,10017666.67,617469333.33,2056048000.0,1489791666.67,894787333.33,36389333.33,99.19
2016-06-30,-226293000.0,10814000.0,632106000.0,2105204000.0,1525397000.0,907443000.0,40755000.0,101.5
2016-07-31,-304842333.33,16331333.33,673852000.0,2166865333.33,1548187333.33,945153000.0,44342333.33,100.27
2016-08-31,-383391666.67,21848666.67,715598000.0,2228526666.67,1570977666.67,982863000.0,47929666.67,99.04
2016-09-30,-461941000.0,27366000.0,757344000.0,2290188000.0,1593768000.0,1020573000.0,51517000.0,97.81
2016-10-31,-493680666.67,38593333.33,779270000.0,2352639000.0,1635750666.67,813041666.67,56594000.0,104.38
2016-11-30,-525420333.33,49820666.67,801196000.0,2415090000.0,1677733333.33,605510333.33,61671000.0,110.95
2016-12-31,-557160000.0,61048000.0,823122000.0,2477541000.0,1719716000.0,397979000.0,66748000.0,117.52
2017-01-31,-486058666.67,58206333.33,847382666.67,2530572333.33,1726721000.0,656675333.33,103906000.0,125.96
2017-02-28,-414957333.33,55364666.67,871643333.33,2583603666.67,1733726000.0,915371666.67,141064000.0,134.4
2017-03-31,-343856000.0,52523000.0,895904000.0,2636635000.0,1740731000.0,1174068000.0,178222000.0,142.84
2017-04-30,-407413333.33,56759000.0,861858666.67,2686244666.67,1824386000.0,1194837000.0,140681333.33,149.73
2017-05-31,-470970666.67,60995000.0,827813333.33,2735854333.33,1908041000.0,1215606000.0,103140666.67,156.63
2017-06-30,-534528000.0,65231000.0,793768000.0,2785464000.0,1991696000.0,1236375000.0,65600000.0,163.52
2017-07-31,-496221000.0,54808333.33,828718666.67,2851929000.0,2023210333.33,1242254666.67,86930000.0,167.53
2017-08-31,-457914000.0,44385666.67,863669333.33,2918394000.0,2054724666.67,1248134333.33,108260000.0,171.54
2017-09-30,-419607000.0,33963000.0,898620000.0,2984859000.0,2086239000.0,1254014000.0,129590000.0,175.55
2017-10-31,-442390333.33,29837000.0,956220333.33,3085157666.67,2128937333.33,1029004666.67,148232333.33,179.36
2017-11-30,-465173666.67,25711000.0,1013820666.67,3185456333.33,2171635666.67,803995333.33,166874666.67,183.18
2017-12-31,-487957000.0,21585000.0,1071421000.0,3285755000.0,2214334000.0,578986000.0,185517000.0,186.99
2018-01-31,-404223666.67,26780000.0,1181039666.67,3424122000.0,2243082333.33,931718666.67,220386000.0,222.24
2018-02-28,-320490333.33,31975000.0,1290658333.33,3562489000.0,2271830666.67,1284451333.33,255255000.0,257.5
2018-03-31,-236757000.0,37170000.0,1400277000.0,3700856000.0,2300579000.0,1637184000.0,290124000.0,292.75
2018-04-30,-330584333.33,33887666.67,1435131000.0,3769660666.67,2334529666.67,1685989333.33,321532333.33,313.13
2018-05-31,-424411666.67,30605333.33,1469985000.0,3838465333.33,2368480333.33,1734794666.67,352940666.67,333.5
2018-06-30,-518239000.0,27323000.0,1504839000.0,3907270000.0,2402431000.0,1783600000.0,384349000.0,353.88
2018-07-31,-575629666.67,31326333.33,1492641333.33,3937971333.33,2445330000.0,1781550333.33,390511000.0,358.08
2018-08-31,-633020333.33,35329666.67,1480443666.67,3968672666.67,2488229000.0,1779500666.67,396673000.0,362.27
2018-09-30,-690411000.0,39333000.0,1468246000.0,3999374000.0,2531128000.0,1777451000.0,402835000.0,366.47
2018-10-31,-871964666.67,49595333.33,1463311000.0,4061863000.0,2598552000.0,2075512666.67,313201333.33,342.04
2018-11-30,-1053518333.33,59857666.67,1458376000.0,4124352000.0,2665976000.0,2373574333.33,223567666.67,317.62
2018-12-31,-1235072000.0,70120000.0,1453441000.0,4186841000.0,2733400000.0,2671636000.0,133934000.0,293.19
2019-01-31,-949981000.0,66873666.67,1519086666.67,4298224666.67,2779138000.0,2369760666.67,203973333.33,316.21
2019-02-28,-664890000.0,63627333.33,1584732333.33,4409608333.33,2824876000.0,2067885333.33,274012666.67,339.24
2019-03-31,-379799000.0,60381000.0,1650378000.0,4520992000.0,2870614000.0,1766010000.0,344052000.0,362.26
2019-04-30,-434450666.67,53448666.67,1739405000.0,4655033333.33,2915628333.33,1783650000.0,319584666.67,356.03
2019-05-31,-489102333.33,46516333.33,1828432000.0,4789074666.67,2960642666.67,1801290000.0,295117333.33,349.79
2019-06-30,-543754000.0,39584000.0,1917459000.0,4923116000.0,3005657000.0,1818930000.0,270650000.0,343.56
2019-07-31,-529767333.33,41500333.33,1993968000.0,5030379000.0,3036411000.0,1805852333.33,402181333.33,325.98
2019-08-31,-515780666.67,43416666.67,2070477000.0,5137642000.0,3067165000.0,1792774666.67,533712666.67,308.4
2019-09-30,-501794000.0,45333000.0,2146986000.0,5244905000.0,3097919000.0,1779697000.0,665244000.0,290.82
2019-10-31,-821854333.33,66134333.33,2098461000.0,5319081333.33,3220620333.33,1771196000.0,639152666.67,298.68
2019-11-30,-1141914666.67,86935666.67,2049936000.0,5393257666.67,3343321666.67,1762695000.0,613061333.33,306.53
2019-12-31,-1461975000.0,107737000.0,2001411000.0,5467434000.0,3466023000.0,1754194000.0,586970000.0,314.39
2020-01-31,-888012666.67,104496333.33,2056937333.33,5567519666.67,3510582333.33,1572707333.33,627669000.0,333.96
2020-02-29,-314050333.33,101255666.67,2112463666.67,5667605333.33,3555141666.67,1391220666.67,668368000.0,353.54
2020-03-31,259912000.0,98015000.0,2167990000.0,5767691000.0,3599701000.0,1209734000.0,709067000.0,373.11
2020-04-30,520300000.0,112590333.33,2280186333.33,5894556000.0,3614369666.67,1188706333.33,712776666.67,388.35
2020-05-31,780688000.0,127165666.67,2392382666.67,6021421000.0,3629038333.33,1167678666.67,716486333.33,403.59
2020-06-30,1041076000.0,141741000.0,2504579000.0,6148286000.0,3643707000.0,1146651000.0,720196000.0,418.83
2020-07-31,1115304333.33,131097666.67,2525681333.33,6244069666.67,3718388333.33,1182108333.33,743456000.0,456.75
2020-08-31,1189532666.67,120454333.33,2546783666.67,6339853333.33,3793069666.67,1217565666.67,766716000.0,494.68
2020-09-30,1263761000.0,109811000.0,2567886000.0,6435637000.0,3867751000.0,1253023000.0,789976000.0,532.6
2020-10-31,796616666.67,122659333.33,2538351333.33,6505238666.67,3966887333.33,1877495333.33,707369333.33,519.18
2020-11-30,329472333.33,135507666.67,2508816666.67,6574840333.33,4066023666.67,2501967666.67,624762666.67,505.76
2020-12-31,-137672000.0,148356000.0,2479282000.0,6644442000.0,4165160000.0,3126440000.0,542156000.0,492.34
2021-01-31,167307333.33,125904333.33,2751111666.67,6817388666.67,4066277000.0,2529265000.0,930342333.33,510.08
2021-02-28,472286666.67,103452666.67,3022941333.33,6990335333.33,3967394000.0,1932090000.0,1318528666.67,527.83
2021-03-31,777266000.0,81001000.0,3294771000.0,7163282000.0,3868511000.0,1334915000.0,1706715000.0,545.57
2021-04-30,496923666.67,90760000.0,3304437000.0,7222780333.33,3918343333.33,1381989666.67,1588814333.33,531.72
2021-05-31,216581333.33,100519000.0,3314103000.0,7282278666.67,3968175666.67,1429064333.33,1470913666.67,517.86
2021-06-30,-63761000.0,110278000.0,3323769000.0,7341777000.0,4018008000.0,1476139000.0,1353013000.0,504.01
2021-07-31,-15047666.67,129294333.33,3308138666.67,7389007000.0,4080868333.33,1491301000.0,1385032333.33,525.67
2021-08-31,33665666.67,148310666.67,3292508333.33,7436237000.0,4143728666.67,1506463000.0,1417051666.67,547.34
2021-09-30,82379000.0,167327000.0,3276878000.0,7483467000.0,4206589000.0,1521625000.0,1449071000.0,569.0
2021-10-31,-79505333.33,166877666.67,3007833000.0,7558750666.67,4550917666.67,1425446000.0,1168523666.67,595.83
2021-11-30,-241389666.67,166428333.33,2738788000.0,7634034333.33,4895246333.33,1329267000.0,887976333.33,622.65
2021-12-31,-403274000.0,165979000.0,2469743000.0,7709318000.0,5239575000.0,1233088000.0,607429000.0,649.48
2022-01-31,38763666.67,151038666.67,2840849333.33,7762134333.33,4921285000.0,1359204000.0,937435000.0,563.52
2022-02-28,480801333.33,136098333.33,3211955666.67,7814950666.67,4602995000.0,1485320000.0,1267441000.0,477.56
2022-03-31,922839000.0,121158000.0,3583062000.0,7867767000.0,4284705000.0,1611436000.0,1597447000.0,391.6
2022-04-30,649476000.0,110778000.0,3481836666.67,7901891666.67,4420055000.0,1641325000.0,1545281666.67,327.3
2022-05-31,376113000.0,100398000.0,3380611333.33,7936016333.33,4555405000.0,1671214000.0,1493116333.33,263.0
2022-06-30,102750000.0,90018000.0,3279386000.0,7970141000.0,4690755000.0,1701103000.0,1440951000.0,198.7
2022-07-31,254103333.33,88332000.0,3231898666.67,7955290333.33,4723391666.67,1668704000.0,1426714666.67,206.04
2022-08-31,405456666.67,86646000.0,3184411333.33,7940439666.67,4756028333.33,1636305000.0,1412478333.33,213.38
2022-09-30,556810000.0,84960000.0,3136924000.0,7925589000.0,4788665000.0,1603906000.0,1398242000.0,220.72
2022-10-31,519159333.33,93837666.67,2907247000.0,7901077000.0,4993830000.0,2230600333.33,950589333.33,248.48
2022-11-30,481508666.67,102715333.33,2677570000.0,7876565000.0,5198995000.0,2857294666.67,502936666.67,276.23
2022-12-31,443858000.0,111593000.0,2447893000.0,7852053000.0,5404160000.0,3483989000.0,55284000.0,303.99
2023-01-31,1022152000.0,95068333.33,2751221333.33,7955203000.0,5203981666.67,2870513000.0,471896000.0,309.84
2023-02-28,1600446000.0,78543666.67,3054549666.67,8058353000.0,5003803333.33,2257037000.0,888508000.0,315.7
2023-03-31,2178740000.0,62019000.0,3357878000.0,8161503000.0,4803625000.0,1643561000.0,1305120000.0,321.55
2023-04-30,1932570666.67,75003333.33,3409862333.33,8170102333.33,4760240000.0,1657923333.33,1365950000.0,346.84
2023-05-31,1686401333.33,87987666.67,3461846666.67,8178701666.67,4716855000.0,1672285666.67,1426780000.0,372.12
2023-06-30,1440232000.0,100972000.0,3513831000.0,8187301000.0,4673470000.0,1686648000.0,1487610000.0,397.41
2023-07-31,1624259666.67,101957666.67,3546180666.67,8305423333.33,4759242666.67,1689260666.67,1550880666.67,410.85
2023-08-31,1808287333.33,102943333.33,3578530333.33,8423545666.67,4845015333.33,1691873333.33,1614151333.33,424.29
2023-09-30,1992315000.0,103929000.0,3610880000.0,8541668000.0,4930788000.0,1694486000.0,1677422000.0,437.72
2023-10-31,1882548000.0,96496666.67,3582366666.67,8638720333.33,5056353666.67,2383401000.0,1430894000.0,449.54
2023-11-30,1772781000.0,89064333.33,3553853333.33,8735772666.67,5181919333.33,3072316000.0,1184366000.0,461.36
2023-12-31,1663014000.0,81632000.0,3525340000.0,8832825000.0,5307485000.0,3761231000.0,937838000.0,473.17
